% Encoding: UTF-8
@InProceedings{haberStornetta1991,
author="Haber, Stuart and Stornetta, W. Scott",
editor="Menezes, Alfred J. and Vanstone, Scott A.",
title="How to Time-Stamp a Digital Document",
booktitle="Advances in Cryptology-CRYPTO' 90",
year="1991",
publisher="Springer Berlin Heidelberg",
address="Berlin, Heidelberg",
pages="437--455",
}

@MISC{FIPS180-2,
	author="National Institute of Standards and Technology ({NIST})",
	title="{FIPS} 180-2: {S}ecure {H}ash {S}tandard ({SHS})",
	month="August",
	year="2002",
	howpublished="\url{https://csrc.nist.gov/CSRC/media/Publications/fips/180/2/archive/2002-08-01/documents/fips180-2.pdf} (last visited on 29.12.2021)"
}

@Misc{bitcoinPaper,
  author       = {Satoshi Nakamoto},
  howpublished = {\url{https://bitcoin.org/bitcoin.pdf} (last visited on 17.01.2021)},
  month        = oct,
  title        = {Bitcoin: A Peer-to-Peer Electronic Cash System},
  year         = {2008},
}
. (2020, December 24). In https://en.bitcoin.it/. https://web.archive.org/web/20201224080905/https://en.bitcoin.it/wiki/Difficulty


@Misc{bitcoinWikiDifficulty,
  author       = {Bitcoin Wiki},
  howpublished = {\url{https://web.archive.org/web/20201224080905/https://en.bitcoin.it/wiki/Difficulty} (last visited on 18.01.2021)},
  month        = dec,
  title        = {Bitcoin mining difficulty},
  year         = {2020},
}

@Misc{VivadoSynthesis,
  author       = {Xilinx},
  howpublished = {\url{https://www.xilinx.com/support/documentation/sw_manuals/xilinx2016_4/ug901-vivado-synthesis.pdf} (last visited on 22.01.2021)},
  month        = nov,
  title        = {Vivado Design Suite User Guide - Synthesis},
  year         = {2016},
}

@Misc{DigilentManual,
  author       = {Digilent},
  howpublished = {\url{https://reference.digilentinc.com/reference/programmable-logic/arty-a7/reference-manual} (last visited on 22.01.2021)},
  title        = {Arty A7 Reference Manual},
}

@Misc{bitcoinHardware,
  author       = {Bitcoin Wiki},
  howpublished = {\url{https://web.archive.org/web/20210111232459/https://en.bitcoin.it/wiki/Mining_hardware_comparison} (last visited on 18.01.2021)},
  month        = jan,
  title        = {Bitcoin Mining hardware comparison},
  year         = {2021},
}

@Misc{bitcoinNonSpecializedHardware,
  author       = {Bitcoin Wiki},
  howpublished = {\url{https://web.archive.org/web/20201112023816/https://en.bitcoin.it/wiki/Non-specialized_hardware_comparison} (last visited on 18.01.2021)},
  month        = nov,
  title        = {Bitcoin Non-specialized hardware comparison},
  year         = {2020},
}




@Comment{jabref-meta: databaseType:bibtex;}
